% Encoding: UTF-8

@book{Adams2003,
  title = {Sobolev spaces},
  author = {Adams, Robert A. and Fournier, John J. F.},
  year = {2003},
  edition = {2nd},
  publisher = {Elsevier},
  address = {Amsterdam}
}

@article{Shen1994,
  title = {Efficient spectral-{Galerkin} method {I}. {Direct} solvers of second- and fourth-order equations using {Legendre} polynomials},
  author = {Shen, Jie},
  year = {1994},
  journal = {SIAM J. Sci. Comput.},
  volume = {15},
  number = {6},
  pages = {1489--1505}
}

@article{Tadmor2012,
  title = {A review of numerical methods for nonlinear partial differential equations},
  author = {Tadmor, Eitan},
  year = {2012},
  journal = {Bull. Amer. Math. Soc.},
  volume = {49},
  number = {4},
  pages = {507--554}
}

@article{TreWei2014,
  title = {The exponentially convergent trapezoidal rule},
  author = {Trefethen, L. N. and Weideman, J. A. C.},
  year = {2014},
  journal = {SIAM Rev.},
  volume = {56},
  number = {3},
  pages = {385--458}
}

@book{LiLiu1997,
  title = {微分方程数值解法},
  author = {李荣华 and 刘播},
  year = {2009},
  edition = {第四版},
  publisher = {高等教育出版社},
  address = {北京}
}
